%example of reference to a journal paper

@article{Seraphim:1958:Acta,
	Author = {H.~P. Seraphim },
	Title = {{U}ntersuchungen \"{u}ber die {U}nterschiedsschwelle exponentiellen {A}bklingens von {R}auschbandimpulsen},
	Journal = {Acta Acustica united with Acustica},
	Volume = 8,
	Number = 4,
	Year = 1958,
	Month = {},
	Pages = {280--284}}

@article{bilbao2019passive, 
    title={Passive volumetric time domain simulation for room acoustics applications},
    author={Bilbao, S. and Hamilton, B.},
    journal={J. Acoust. Soc. Am.},
    volume={145},
    number={4},
    pages={2613--2624},
    month = {Apr.},
    year={2019},
    }

@techreport{Iso:2009:measurement:parameters,
	Author = {{ISO}},
	Title = {{ISO} 3382-1, {A}coustics -- {M}easurement of Room Acoustic Parameters -- {P}art 1: Performance Spaces},
	Year = {2009}}

@InProceedings{Blevins:Buck:2013:isra,
  Author = 	 {M.~G. Blevins and A.~T. Buck  and Z. Peng and L.~M. Wang},
  Title = 	 {Quantifying the just noticeable difference of reverberation time with band-limited noise centered around 1000 {Hz} using a transformed up-down adaptive method},
  Booktitle = 	 {Proc. Int. Symp. Room Acoustics (ISRA)},
  Pages = 	 {},
  Year = 	 {2013},
  Address =  {Toronto, Canada},
  Month = 	 {June 9--11,}}
  
@InProceedings{Jot:Chaine:1991:aes,
  Author = 	 {J.~M. Jot and A. Chaigne},
  Title = 	 {Digital delay networks for designing artificial reverberators},
  Booktitle = 	 {Proc. 90th Audio Eng. Soc. Convention},
  Pages = 	 {},
  Year = 	 {1991},
  Address =  {Paris, France},
  Month = 	 {Febr. 19--22,}}
  
@InProceedings{Jot:1997:icm,
  Author = 	 {J.~M. Jot },
  Title = 	 {Efficient models for reverberation and distance rendering in computer music and virtual audio reality},
  Booktitle = 	 {Proc. Int. Computer Music Conf.},
  Pages = 	 {},
  Year = 	 {1997},
  Address = 	 {Thessaloniki, Greece},
  Month = 	 {Sept.}}
  
@article{Wendt:Par:2014:JAES:binaural:RIR,
	Author = {T. Wendt and S. van de Par and S.~D. Ewert },
	Title = {A computationally-efficient and perceptually-plausible algorithm for binaural room impulse response simulation},
	Journal = {J. Audio Eng. Soc.},
	Volume = 62,
	Number = 11,
	Year = 2014,
	Month = Nov,
	Pages = {748--766}}

@InProceedings{Jot:2015:aes,
  Author = 	 {J.-M. Jot},
  Title = 	 {Proportional parametric equalizers--{A}pplication to digital reverberation and environmental audio processing},
  Booktitle = 	 {Proc. 139th Audio Eng. Soc. Conv.},
  Pages = 	 {},
  Year = 	 {2015},
  Address = 	 {New York, USA},
  Month = 	 {Oct. 29--Nov. 1,}}
  
@InProceedings{Schelcht:Habets:2017:DAFx,
  Author = 	 {S.~J. Schlecht and A.~P. Habets},
  Title = 	 {Accurate reverberation time control in feedback delay networks},
  Booktitle = 	 {Proc. Digital Audio Effects (DAFx-17)},
  Pages = 	 {337--344},
  Year = 	 {2017},
  Address = 	 {Edinburgh, UK},
  Month = 	 {Sept. 5--9,}}
	
@article{Valimaki:Liski:2017:IEEE:accurate:equalizer,
	Author = {V. V\"alim\"aki and J. Liski},
	Title = {Accurate cascade graphic equalizer},
	Journal = {IEEE Signal Process. Lett.},
	Volume = 24,
	Number = 2,
	Year = 2017,
	Month = feb,
	Pages = {176--180}}
	
@article{Schelcht:Habets:2017:IEEE:lossless:FDN,
	Author = {S.~J. Schlecht and A.~P. Habets},
	Title = {On lossless feedback delay networks},
	Journal = {IEEE Trans. Signal Process.},
	Volume = 65,
	Number = 6,
	Year = 2017,
	Month = mar,
	Pages = {1554--1564}}	
	
@book{Orfanidis:2010:introduction:SP,
	 Author = {S.~J. Orfanidis},
	 Title = {Introduction to Signal Processing},
	 Publisher = {Rutgers Univ.},
         Address = {Piscataway, NJ, USA},
	 Year = {2010} }	


%example of reference to a proceedings paper

  
 @InProceedings{Karjalainen:Jarvelainen:2001:AES,
  Author = 	 {M. Karjalainen and H. J\"arvel\"ainen},
  Title = 	 {More about this reverberation science: Perceptually good late reverberation},
  Booktitle = 	 {Proc. 111th Audio Eng. Soc. Conv.},
  Year = 	 {2001},
  Address = 	 {New York, USA},
  Month = 	 {Sept. 21--24,}}
  
@article{Valimaki:Reiss:2016:ApplSci:equalization:solutions,
	Author = {V. V\"alim\"aki and J. Reiss},
	Title = {All About Audio Equalization: Solutions and Frontiers},
	Journal = {Applied Sciences},
	Volume = 6,
	Number = 5,
	Year = 2016,
	Month = may,
	Pages = {}}
	
@InProceedings{Oliver:Jot:2015:AES,
  Author = 	 {R.~J. Oliver and J.~M. Jot},
  Title = 	 {Efficient Multi-Band Digital Audio Graphic Equalizer with Accurate Frequency Response Control},
  Booktitle = 	 {Proc. 139th Audio Eng. Soc. Conv.},
  Year = 	 {2015},
  Address = 	 {New York, USA},
  Month = 	 {Oct. 29--Nov. 24,}}
	
@article{Bank:Valimaki:2003:IEEE:loss:filter,
	Author = {B. Bank and V. V\"alim\"aki},
	Title = {Robust Loss Filter Design for Digital Waveguide Synthesis of String Tones},
	Journal = {IEEE Signal Process. Lett.},
	Volume = 10,
	Number = 1,
	Year = 2003,
	Month = jan,
	Pages = {18--20}}

@article{Valimaki:2012,
		author={V. V\"{a}lim\"{a}ki and J. D. Parker and L. Savioja and J. O. Smith and J. S. Abel}, 
        journal={IEEE Trans. Audio Speech Lang. Process.}, 
        title={Fifty years of artificial reverberation}, 
        year={2012}, 
        volume={20}, 
        number={5}, 
        pages={1421--1448}, 
        month={Jul.}}

@article{Moorer:1979,
	Author = {J. Moorer},
	Journal = {Computer Music J.},
	Number = {2},
	Pages = {13--28},
	Title = {About this reverberation business},
	Volume = {3},
	Year = {1979}}
	
@InProceedings{Holters:Zolzer:2006:DAFx,
  Author = 	 {M. Holters and U. Z\"{o}lzer},
  Title = 	 {Graphic equalizer design using higher-order recursive filters},
  Booktitle = 	 {Proc. Int. Digital Audio Effects (DAFx-06)},
  Pages = 	 {37--40},
  Year = 	 {2006},
  Address = 	 {Montreal, Canada},
  Month = 	 {Sept. 18--20,}}

@article{Ramo:2014,
		author={J. R\"{a}m\"{o} and V. V\"{a}lim\"{a}ki\ and B. Bank}, 
        journal={IEEE/ACM Trans. Audio Speech Lang. Process.}, 
        title={High-precision parallel graphic equalizer},
        year={2014}, 
        volume={22}, 
        number={12}, 
        pages={1894--1904}, 
        month={Dec.}}
        
@InProceedings{Holters:Zolzer:2006:EUSIPCO,
  Author = 	 {M. Holters and U. Z\"{o}lzer},
  Title = 	 {Parametric High-order shelving filters},
  Booktitle = 	 {Proc. 14th European Signal Processing Conference (EUSIPCO)},
  Pages = 	 {},
  Year = 	 {2006},
  Address = 	 {Florence, Italy},
  Month = 	 {Sept. 4--8,}}
  
  
@article{schroeder,
		author={M.~R. Schroeder and B.~F. Logan}, 
        journal={J. Audio Eng. Soc.}, 
        title={Colorless artificial reverberation},
        year={1961}, 
        volume={9}, 
        number={3}, 
        pages={192--197}, 
        month={July}}
        
@conference{peters2012,
		title = {Matching Artificial Reverb Settings to Unknown Room Recordings: A Recommendation System for Reverb Plugins},
		author = {Peters, N. and Choi, J. and Lei, H.},
		booktitle = {Proc. Audio Eng. Soc. Convention 133},
		month = {Oc.},
		year = {2012},
		Address = 	 {San Francisco, CA, USA}}
		
@unpublished{Ableton,
  author        = {Ableton},
  title         = {Convolution reverb},
  note          = {Available at \href{http://www.ableton.com/en/packs/convolution-reverb/} {http://www.ableton.com/en/packs/convolution-reverb/}},
  year          = {{A}ccessed: 2020-03-16}}
  
@unpublished{Xcode,
  author        = {{Apple Inc.}},
  title         = {Xcode - {A}pple {D}eveloper},
  note          = {Available at \href{https://developer.apple.com/xcode/} {https://developer.apple.com/xcode/}},
  year          = {{A}ccessed: 2020-03-18}}
  
@patent{Jot:Chaine:1996,
  Author = 	 {J.~M. Jot and A. Chaigne},
  Title = 	 {Method and system for artificial spatialisation of digital audio signals},
  Note =    {U.S. Patent 5,491,754},
  Year = 	 {1996},
  Month = 	 {Feb.}}

@conference{heise2009automatic,
		title = {Automatic Adjustment of Off-the-Shelf Reverberation Effects},
		author = {Heise, S. and Hlatky, M. and Loviscach, J.},
		booktitle = {Proc. Audio Eng. Soc. Convention 126},
		month = {May 7--10},
		address = {Munich, Germany},
		year = {2009}}

@conference{borss2009,
		title = {A {VST} REVERBERATION EFFECT PLUGIN BASED ON SYNTHETIC {R}OOM {I}MPULSE {R}ESPONSES},
		author = {Bor{\ss}, C.},
		booktitle = {Proc. 12th Int. Conf. on Digital Audio Effects (DAFx-09)},
		month = {Sept. 1--4},
		year = {2009},
		address = {Como, Italy}}

@conference{philbert2017developing,
		title = {Developing a Reverb Plugin; Utilizing {Faust} Meets {JUCE} Framework},
		author = {Philbert, S.},
		booktitle = {Proc. Audio Eng. Soc. 143rd Convention},
		month = {Oct. 18--21},
		year = {2017},
		address = {New York, NY, USA }}
		
@conference{prawda:2019:improved,
		title = {Improved reverberation time control for feedback delay networks},
		author = {K. Prawda and S. J. Schlecht and V. V\"alim\"aki},
		booktitle = {Proc. 22nd Int. Conf. Digital Audio Effects},
		month = {Sept.},
		year = {2019},
        address = {Birmingham, UK}}

@conference{kereliuk2018,
		title = {MODAL ANALYSIS OF ROOM IMPULSE RESPONSES USING SUBBAND {ESPRIT}},
		author = {C. Kereliuk and W. Herman and R. Wedelich and D.~J. Gillespie},
		booktitle = {Proc. 21st Int. Conf. Digital Audio Effects},
		month = {Sept. 4--8},
		year = {2018},
        address = {Aveiro, Portugal}}
        
@conference{moffat2019,
		title = {An Automated Approach to the Application of Reverberation},
		author = {D. Moffat and M.~B. Sandler},
		booktitle = {Proc. Audio Eng. Soc. 147th Conv.},
		month = {May 16--19},
		address = {New York, NY, USA},
		year = {2019}}
		
@conference{erbe2015,
		title = {Building the {E}rbe-{V}erb: Extending the feedback delay network Reverb for Modular Synthesizer Use},
		author = {T. Erbe},
		booktitle = {Proc. 41st Int. Computer Music Conf.},
		month = {Sept. 25 -- Oct. 1},
		address = {Denton, TX, USA},
		year = {2015}}
		
@unpublished{valhalla,
		title = {Valhalla {R}oom},
		author = {Valhalla {DSP}},
		note          = {Available at \href{http://valhalladsp.com/shop/reverb/valhalla-room/} {http://valhalladsp.com/shop/reverb/valhalla-room/}},
        year          = {{A}ccessed: 2020-03-31}} 
        
		
@unpublished{juce,
		title = {{JUCE}},
		author = {{ROLI}},
		note          = {Available at \href{http://juce.com/} {http://juce.com/}},
        year          = {{A}ccessed: 2020-04-03}}
        
@article{schlecht:2016:echo,
	Author = {S. J. Schlecht and E. A. P. Habets},
	Journal = {IEEE/ACM Trans. Audio, Speech and Language Process.},
	Number = {2},
	Pages = {374--383},
	Title = {Feedback delay networks: Echo Density and Mixing Time},
	Volume = {25},
	Month = {Feb.},
	Year = {2017}}

@inproceedings{jeub09,
		title = {A BINAURAL ROOM IMPULSE RESPONSE DATABASE FOR THE EVALUATION OF DEREVERBERATION ALGORITHMS},
		author = {M. Jeub and M. Sch\"afer and P. Vary},
		booktitle = {Proc. Int. Conf. Digital Signal Processing (DSP)},
		Pages = {1--4},
		address = {Santorini, Greece},
		month = {Jul.},
		year = {2009}}



@unpublished{air,
    Author = {University of York, , Audiolab},
	Title = {Open {AIR} Library},
	note = {Available at \href{http://openairlib.net/} {http://openairlib.net/}},
	Year = {{A}ccessed: 2020-04-07}}
	
@inproceedings{menzer2010unitary,
		title = {Unitary Matrix Design for Diffuse {Jot} Reverberators},
		author = {Menzer, F. and Faller, C.},
		booktitle = {Proc. Audio Eng. Soc. 128th Conv.},
		month = {May 22--25},
		year = {2010},
		address = {London, UK}}
		
@conference{abel:2006,
		title = {A Simple, Robust Measure of Reverberation Echo Density},
		author = {J.S. Abel and P. Huang},
		booktitle = {Proc. AES 121st Conv.},
		month = {Oct.},
		year = {2006},
        address = {San Francisco, CA, USA}}

@conference{huang:2007,
		title = {Aspects of Reverberation Echo Density},
		author = {P. Huang and J.S. Abel},
		booktitle = {Proc. AES 123rd Conv.},
		month = {Oct.},
		year = {2007},
        address = {New York, NY, USA}}

@conference{huang:2008,
		title = {Reverberation Echo Density Psychoacoustics},
		author = {P. Huang and J.~S. Abel and H. Terasawa and J. Berger},
		booktitle = {Proc. AES 125th Conv.},
		month = {Oct.},
		year = {2009},
        address = {San Francisco, CA, USA}}
        
@article{Rocchesso:1997, 
    author={D. {Rocchesso} and J.O. {Smith}}, 
    journal={IEEE Trans. Speech and Audio Processing}, title={Circulant and elliptic feedback delay networks for artificial reverberation}, year={1997}, 
    month ={Jan.},
    volume={5}, 
    number={1}, 
    pages={51-63},} 
    
@BOOK{PASPWEB2010,
	AUTHOR = "J.O. Smith",
	TITLE = "Physical Audio Signal Processing",
	PUBLISHER = "\htmladdnormallink{\texttt{http:}}{http://ccrma.stanford.edu/~jos/pasp/}\texttt{//\-ccrma.stanford.edu/\-\~{}jos/\-pasp/}",
	YEAR = "Accessed 2020-04-17",
        NOTE = "online book, 2010 edition"
}

@conference{Oksanen13,
		title = {A directional diffuse reverberation model for excavated tunnels in rock},
		author = {S. Oksanen and J. Parker and A. Politis and V. V\"{a}lim\"{a}ki},
		booktitle = {Proc. IEEE Int. Conf. Acoust. Speech Signal Process. (ICASSP)},
		month = {May},
		year = {2013},
        pages={644--648},
        address = {Vancouver, Canada}}
@unpublished{demo,
  author        = {Willemsen, S.},
  title         = {{Real-Time FDN}},
  note          = {Available at \href{https://youtu.be/ddgKMtW1Obc} {https://youtu.be/ddgKMtW1Obc}},
  year          = {{A}ccessed: 2020-03-19}} 
  
@unpublished{plugin,
  author        = {Willemsen, S.},
  title         = {{FDN plugin github release v1.0}},
  note          = {Available at \href{https://github.com/SilvinWillemsen/FDN_/releases/tag/v1.0} {https://github.com/SilvinWillemsen/FDN\_/releases\allowbreak/tag/v1.0}},
  year          = {{A}ccessed: 2020-03-19}}     